<?xml version="1.0" encoding="UTF-8"?><collection xmlns="http://www.loc.gov/MARC21/slim"><record><leader>00579nam--2200181-u-4500</leader><controlfield tag="001">000054451</controlfield><controlfield tag="002">20161230</controlfield><controlfield tag="005">20161230201051</controlfield><controlfield tag="008">111213s1000------------r-----000-0-rum-d</controlfield><datafield ind1=" " ind2=" " tag="040"><subfield code="a">IFIN-HH</subfield></datafield><datafield ind1=" " ind2=" " tag="041"><subfield code="a">rum</subfield></datafield><datafield ind1="1" ind2=" " tag="100"><subfield code="a">Ivan, Constantin</subfield></datafield><datafield ind1="1" ind2="0" tag="245"><subfield code="a">Dezvoltarea unui contor cu scintilator lichid cu coincidente duble si triple folosind fotodetectoare de tip nou (tdcrls)</subfield><subfield code="b">Teza</subfield><subfield code="c">Constantin ivan</subfield></datafield><datafield ind1=" " ind2=" " tag="260"><subfield code="a">Bucuresti</subfield><subfield code="b">Universitatea</subfield><subfield code="c">2011</subfield></datafield><datafield ind1=" " ind2=" " tag="300"><subfield code="a">84P</subfield></datafield><datafield ind1=" " ind2=" " tag="502"><subfield code="a">Conducator Stiintific, Dr. Leon Grigorescu</subfield></datafield><datafield ind1=" " ind2=" " tag="852"><subfield code="a">82325</subfield><subfield code="c">539.1</subfield></datafield><datafield ind1=" " ind2=" " tag="CAT"><subfield code="a">Sys</subfield><subfield code="c">20120801</subfield><subfield code="h">151108</subfield></datafield></record></collection>